% Hier kommen Referenzen hinein
% Damit diese auch gefunden werden, muss im Hauptverzeichnis
% bibtex "datei.aux" also hier diplom.aux ausgeführt werden 
@Book{referenzA,
	author = {Autor des Titels},
	title = {Titel der Referenz},
	publisher = {Herausgeber},
	year = {Das Jahr},
	address = {\url{http://www.eine.url.der.referenz.de}},
	note = {ein paar zusätzliche Sachen}
}
